date,sales,consulting,investment,payroll,rent,utilities,technology,marketing,travel,professional_services,misc,total_income,total_expenses,net
1/1/2024,1606,0,0,0,8500,0,0,0,0,0,0,1606,8500,-6894
1/2/2024,1112,0,0,0,0,0,0,0,0,0,0,1112,0,1112
1/3/2024,971,0,0,0,0,0,0,0,0,0,0,971,0,971
1/4/2024,962,0,0,0,0,0,0,0,0,0,0,962,0,962
1/5/2024,1465,0,0,0,0,0,0,0,0,0,0,1465,0,1465
1/6/2024,1314,0,0,0,0,0,0,0,0,0,0,1314,0,1314
1/7/2024,1361,0,0,0,0,775,1300,0,2000,0,0,1361,4075,-2714
1/8/2024,1294,0,0,0,0,0,0,0,0,0,0,1294,0,1294
1/9/2024,1298,0,0,0,0,0,0,0,0,0,300,1298,300,998
1/10/2024,1186,0,0,0,0,775,0,0,0,0,0,1186,775,411
1/11/2024,993,0,0,0,0,0,0,0,0,0,0,993,0,993
1/12/2024,1413,0,0,0,0,0,0,0,0,0,0,1413,0,1413
1/13/2024,1241,0,0,0,0,0,1300,0,0,0,0,1241,1300,-59
1/14/2024,1260,0,0,0,0,775,0,0,0,0,0,1260,775,485
1/15/2024,1551,4000,0,0,0,0,0,0,0,0,0,5551,0,5551
1/16/2024,1654,0,0,0,0,0,0,0,0,0,0,1654,0,1654
1/17/2024,1765,0,0,0,0,775,0,0,0,0,0,1765,775,990
1/18/2024,1623,4000,0,0,0,0,0,0,0,0,0,5623,0,5623
1/19/2024,1585,0,0,0,0,0,0,0,0,0,0,1585,0,1585
1/20/2024,1305,0,0,0,0,0,0,0,0,0,0,1305,0,1305
1/21/2024,1343,0,0,0,0,0,0,0,0,0,300,1343,300,1043
1/22/2024,1148,4000,0,0,0,0,0,0,0,0,300,5148,300,4848
1/23/2024,1321,0,0,0,0,0,0,0,0,0,300,1321,300,1021
1/24/2024,1235,0,0,0,0,0,1300,2666,0,0,0,1235,3966,-2731
1/25/2024,1455,0,0,0,0,0,0,0,2000,0,0,1455,2000,-545
1/26/2024,1017,0,0,0,0,0,0,0,0,0,0,1017,0,1017
1/27/2024,1684,0,0,0,0,0,1300,0,0,0,0,1684,1300,384
1/28/2024,1264,0,0,28000,0,0,0,0,0,0,0,1264,28000,-26736
1/29/2024,1534,0,0,0,0,0,0,5332,0,0,0,1534,5332,-3798
1/30/2024,1533,0,0,0,0,0,0,0,0,0,0,1533,0,1533
1/31/2024,1328,0,0,0,0,0,0,0,0,0,0,1328,0,1328
2/1/2024,1555,0,0,0,8500,0,0,0,0,0,500,1555,9000,-7445
2/2/2024,1539,0,0,0,0,0,0,0,3000,0,0,1539,3000,-1461
2/3/2024,1800,0,0,0,0,0,0,0,0,0,0,1800,0,1800
2/4/2024,1665,0,0,0,0,0,0,0,0,0,0,1665,0,1665
2/5/2024,1572,0,0,0,0,0,0,0,0,0,0,1572,0,1572
2/6/2024,1792,0,0,0,0,825,0,0,0,2500,0,1792,3325,-1533
2/7/2024,1612,0,0,0,0,0,0,0,0,0,0,1612,0,1612
2/8/2024,1610,0,0,0,0,0,0,0,0,0,0,1610,0,1610
2/9/2024,1239,4500,0,0,0,0,0,0,0,0,0,5739,0,5739
2/10/2024,1397,0,0,0,0,0,0,0,0,0,0,1397,0,1397
2/11/2024,1496,4500,0,0,0,0,1400,0,0,0,0,5996,1400,4596
2/12/2024,1710,0,0,0,0,0,0,0,0,0,0,1710,0,1710
2/13/2024,2000,0,0,0,0,825,0,0,0,2500,0,2000,3325,-1325
2/14/2024,1673,0,25000,0,0,0,0,0,3000,0,500,26673,3500,23173
2/15/2024,1346,0,0,0,0,0,0,0,0,0,500,1346,500,846
2/16/2024,1759,0,0,0,0,0,0,0,0,0,0,1759,0,1759
2/17/2024,1766,0,0,0,0,0,0,0,0,0,0,1766,0,1766
2/18/2024,1345,0,0,0,0,0,0,0,0,0,500,1345,500,845
2/19/2024,1276,0,0,0,0,0,0,0,0,0,0,1276,0,1276
2/20/2024,1447,0,0,0,0,0,0,0,0,0,0,1447,0,1447
2/21/2024,1782,0,0,0,0,0,0,0,0,0,0,1782,0,1782
2/22/2024,1423,0,0,0,0,0,1400,0,0,0,0,1423,1400,23
2/23/2024,1645,0,0,0,0,0,0,0,0,0,0,1645,0,1645
2/24/2024,1561,0,0,0,0,0,0,0,0,0,0,1561,0,1561
2/25/2024,1774,0,0,0,0,0,1400,0,0,0,0,1774,1400,374
2/26/2024,1246,0,0,0,0,0,0,0,0,0,0,1246,0,1246
2/27/2024,1070,0,0,0,0,0,1400,0,0,0,0,1070,1400,-330
2/28/2024,1667,0,0,28000,0,825,0,0,0,0,0,1667,28825,-27158
2/29/2024,1605,0,0,0,0,825,0,0,0,0,0,1605,825,780
3/1/2024,1170,0,0,0,8500,0,1250,0,0,0,0,1170,9750,-8580
3/2/2024,1469,0,0,0,0,725,0,0,0,0,0,1469,725,744
3/3/2024,1130,0,0,0,0,0,0,0,0,0,0,1130,0,1130
3/4/2024,1301,0,0,0,0,0,0,1333,0,0,0,1301,1333,-32
3/5/2024,1236,0,0,0,0,0,0,0,0,0,0,1236,0,1236
3/6/2024,1354,0,0,0,0,0,0,0,0,0,0,1354,0,1354
3/7/2024,1276,0,0,0,0,0,0,0,0,0,375,1276,375,901
3/8/2024,1032,0,0,0,0,0,0,0,0,0,375,1032,375,657
3/9/2024,796,0,0,0,0,0,0,0,0,0,0,796,0,796
3/10/2024,1141,0,0,0,0,725,1250,0,0,0,0,1141,1975,-834
3/11/2024,1471,0,0,0,0,0,0,0,0,0,375,1471,375,1096
3/12/2024,1065,0,0,0,0,725,0,0,0,0,0,1065,725,340
3/13/2024,1332,0,0,0,0,0,0,1333,0,0,0,1332,1333,-1
3/14/2024,1443,0,0,0,0,0,0,0,0,0,0,1443,0,1443
3/15/2024,1044,0,0,0,0,0,0,0,0,0,0,1044,0,1044
3/16/2024,1191,0,0,0,0,0,0,0,1000,0,0,1191,1000,191
3/17/2024,1279,0,0,0,0,0,0,0,0,0,0,1279,0,1279
3/18/2024,1449,0,0,0,0,0,0,0,0,0,0,1449,0,1449
3/19/2024,1320,0,0,0,0,0,0,0,0,0,0,1320,0,1320
3/20/2024,1983,0,0,0,0,0,0,0,0,0,0,1983,0,1983
3/21/2024,1278,0,0,0,0,0,1250,0,0,0,0,1278,1250,28
3/22/2024,1131,0,0,0,0,0,0,1333,0,0,0,1131,1333,-202
3/23/2024,1475,0,0,0,0,0,0,0,0,0,375,1475,375,1100
3/24/2024,1589,0,0,0,0,0,0,0,0,0,0,1589,0,1589
3/25/2024,1507,0,0,0,0,0,0,0,0,0,0,1507,0,1507
3/26/2024,1049,0,0,0,0,0,0,0,0,0,0,1049,0,1049
3/27/2024,1359,0,0,0,0,725,0,0,0,0,0,1359,725,634
3/28/2024,1243,0,0,28000,0,0,0,0,0,0,0,1243,28000,-26757
3/29/2024,1330,0,0,0,0,0,0,0,0,0,0,1330,0,1330
3/30/2024,1579,0,0,0,0,0,0,0,0,0,0,1579,0,1579
3/31/2024,1346,0,0,0,0,0,1250,0,1000,0,0,1346,2250,-904
4/1/2024,1612,0,0,0,8500,850,0,4000,0,0,0,1612,13350,-11738
4/2/2024,1587,5000,0,0,0,0,0,4000,0,0,0,6587,4000,2587
4/3/2024,1724,0,0,0,0,0,0,0,0,0,0,1724,0,1724
4/4/2024,1654,0,0,0,0,0,0,0,0,0,0,1654,0,1654
4/5/2024,1762,0,0,0,0,0,0,0,0,0,0,1762,0,1762
4/6/2024,2092,0,0,0,0,850,1350,0,3500,0,0,2092,5700,-3608
4/7/2024,1671,0,0,0,0,850,0,0,0,0,625,1671,1475,196
4/8/2024,1756,0,0,0,0,0,0,0,0,0,0,1756,0,1756
4/9/2024,1775,0,0,0,0,0,0,0,0,0,0,1775,0,1775
4/10/2024,1984,0,0,0,0,0,0,0,0,0,0,1984,0,1984
4/11/2024,1601,0,0,0,0,0,0,0,0,0,0,1601,0,1601
4/12/2024,1787,0,0,0,0,0,0,0,0,0,0,1787,0,1787
4/13/2024,1988,0,0,0,0,0,0,0,3500,0,0,1988,3500,-1512
4/14/2024,1895,0,0,0,0,0,0,0,0,0,0,1895,0,1895
4/15/2024,1828,0,0,0,0,0,0,0,0,0,0,1828,0,1828
4/16/2024,1811,0,0,0,0,0,0,0,0,0,0,1811,0,1811
4/17/2024,2058,0,0,0,0,0,0,0,0,0,0,2058,0,2058
4/18/2024,1684,0,0,0,0,0,0,0,0,0,0,1684,0,1684
4/19/2024,2240,0,0,0,0,0,0,0,0,0,0,2240,0,2240
4/20/2024,1953,0,0,0,0,0,0,4000,0,0,625,1953,4625,-2672
4/21/2024,1763,0,0,0,0,0,0,0,0,0,0,1763,0,1763
4/22/2024,1653,0,0,0,0,850,0,0,0,0,0,1653,850,803
4/23/2024,1942,0,0,0,0,0,0,0,0,0,0,1942,0,1942
4/24/2024,1799,5000,0,0,0,0,1350,0,0,0,0,6799,1350,5449
4/25/2024,1750,0,0,0,0,0,1350,0,0,0,0,1750,1350,400
4/26/2024,1410,5000,0,0,0,0,0,0,0,0,0,6410,0,6410
4/27/2024,1874,0,0,0,0,0,0,0,0,0,0,1874,0,1874
4/28/2024,1876,0,0,28000,0,0,1350,0,0,0,0,1876,29350,-27474
4/29/2024,1659,0,0,0,0,0,0,0,0,0,625,1659,625,1034
4/30/2024,1690,0,0,0,0,0,0,0,0,0,625,1690,625,1065
5/1/2024,1670,2000,0,0,8500,0,0,0,0,0,0,3670,8500,-4830
5/2/2024,1450,0,0,0,0,0,0,0,0,0,0,1450,0,1450
5/3/2024,1659,0,0,0,0,0,1275,0,0,0,0,1659,1275,384
5/4/2024,1494,0,0,0,0,0,0,0,0,0,400,1494,400,1094
5/5/2024,1556,0,0,0,0,800,0,0,0,0,0,1556,800,756
5/6/2024,1378,0,0,0,0,0,0,0,0,0,0,1378,0,1378
5/7/2024,1494,0,0,0,0,0,0,0,0,0,0,1494,0,1494
5/8/2024,1660,0,0,0,0,0,1275,0,0,2000,0,1660,3275,-1615
5/9/2024,1618,0,0,0,0,800,0,666,0,0,0,1618,1466,152
5/10/2024,1613,0,0,0,0,0,0,0,0,0,0,1613,0,1613
5/11/2024,1739,0,0,0,0,0,0,0,0,0,0,1739,0,1739
5/12/2024,1409,0,0,0,0,0,0,0,0,2000,0,1409,2000,-591
5/13/2024,1845,0,0,0,0,0,0,0,0,0,0,1845,0,1845
5/14/2024,1190,0,0,0,0,0,0,0,0,0,400,1190,400,790
5/15/2024,1776,0,0,0,0,0,0,0,0,0,0,1776,0,1776
5/16/2024,1603,0,0,0,0,0,0,0,0,0,0,1603,0,1603
5/17/2024,1423,0,0,0,0,800,0,0,0,0,0,1423,800,623
5/18/2024,1470,0,0,0,0,800,0,0,0,0,0,1470,800,670
5/19/2024,1164,0,0,0,0,0,0,0,0,0,400,1164,400,764
5/20/2024,1696,2000,0,0,0,0,0,0,0,0,0,3696,0,3696
5/21/2024,1803,0,0,0,0,0,1275,0,0,0,0,1803,1275,528
5/22/2024,1608,0,0,0,0,0,1275,666,0,0,0,1608,1941,-333
5/23/2024,1659,0,0,0,0,0,0,0,0,0,0,1659,0,1659
5/24/2024,1162,2000,0,0,0,0,0,666,0,0,0,3162,666,2496
5/25/2024,1599,0,0,0,0,0,0,0,0,0,0,1599,0,1599
5/26/2024,1339,0,0,0,0,0,0,0,0,0,400,1339,400,939
5/27/2024,1481,0,0,0,0,0,0,0,0,0,0,1481,0,1481
5/28/2024,1576,0,0,28000,0,0,0,0,0,0,0,1576,28000,-26424
5/29/2024,1429,0,0,0,0,0,0,0,0,0,0,1429,0,1429
5/30/2024,1615,0,0,0,0,0,0,0,0,0,0,1615,0,1615
5/31/2024,1715,0,0,0,0,0,0,0,0,0,0,1715,0,1715
6/1/2024,1941,0,0,0,8500,0,0,0,0,0,0,1941,8500,-6559
6/2/2024,1862,0,0,0,0,0,0,0,0,0,0,1862,0,1862
6/3/2024,1781,0,0,0,0,0,0,0,0,0,0,1781,0,1781
6/4/2024,1903,0,0,0,0,0,0,0,0,0,0,1903,0,1903
6/5/2024,1992,0,0,0,0,0,0,0,0,0,0,1992,0,1992
6/6/2024,1897,0,0,0,0,0,0,0,0,0,750,1897,750,1147
6/7/2024,1826,0,0,0,0,0,0,0,0,0,0,1826,0,1826
6/8/2024,2084,0,30000,0,0,0,1425,0,0,0,0,32084,1425,30659
6/9/2024,1869,0,0,0,0,0,0,0,0,0,750,1869,750,1119
6/10/2024,1739,0,0,0,0,0,0,0,0,0,0,1739,0,1739
6/11/2024,1711,0,0,0,0,0,0,0,4500,0,0,1711,4500,-2789
6/12/2024,1375,0,0,0,0,0,1425,0,0,0,0,1375,1425,-50
6/13/2024,1679,0,0,0,0,925,1425,0,0,0,0,1679,2350,-671
6/14/2024,1744,0,0,0,0,925,0,0,0,0,0,1744,925,819
6/15/2024,1818,0,0,0,0,0,0,0,0,0,0,1818,0,1818
6/16/2024,1909,0,0,0,0,0,0,0,0,0,0,1909,0,1909
6/17/2024,1958,0,0,0,0,0,0,3333,0,0,0,1958,3333,-1375
6/18/2024,1890,0,0,0,0,925,0,3333,0,0,0,1890,4258,-2368
6/19/2024,1767,0,0,0,0,0,0,0,0,0,0,1767,0,1767
6/20/2024,1731,3333,0,0,0,0,0,0,4500,0,0,5064,4500,564
6/21/2024,1475,3333,0,0,0,0,0,0,0,0,0,4808,0,4808
6/22/2024,1863,0,0,0,0,925,0,0,0,0,0,1863,925,938
6/23/2024,1955,0,0,0,0,0,0,0,0,0,0,1955,0,1955
6/24/2024,1876,0,0,0,0,0,0,0,0,0,0,1876,0,1876
6/25/2024,1862,0,0,0,0,0,0,3333,0,0,750,1862,4083,-2221
6/26/2024,1665,0,0,0,0,0,0,0,0,0,0,1665,0,1665
6/27/2024,1873,0,0,0,0,0,0,0,0,0,0,1873,0,1873
6/28/2024,1553,3333,0,28000,0,0,0,0,0,0,0,4886,28000,-23114
6/29/2024,1970,0,0,0,0,0,1425,0,0,0,0,1970,1425,545
6/30/2024,1429,0,0,0,0,0,0,0,0,0,750,1429,750,679
7/1/2024,1578,2666,0,0,8500,0,0,0,0,0,500,4244,9000,-4756
7/2/2024,1634,2666,0,0,0,0,0,0,500,0,0,4300,500,3800
7/3/2024,1028,0,0,0,0,0,0,0,0,0,0,1028,0,1028
7/4/2024,1321,0,0,0,0,0,0,0,0,0,0,1321,0,1321
7/5/2024,1573,0,0,0,0,0,0,0,0,0,0,1573,0,1573
7/6/2024,1541,0,0,0,0,0,0,0,0,0,0,1541,0,1541
7/7/2024,1177,0,0,0,0,0,0,0,0,0,0,1177,0,1177
7/8/2024,1200,0,0,0,0,0,0,1000,0,0,0,1200,1000,200
7/9/2024,1633,0,0,0,0,0,0,0,0,0,0,1633,0,1633
7/10/2024,1216,0,0,0,0,0,0,0,0,0,0,1216,0,1216
7/11/2024,1683,0,0,0,0,0,1325,0,0,0,500,1683,1825,-142
7/12/2024,990,0,0,0,0,0,0,1000,0,0,0,990,1000,-10
7/13/2024,1585,0,0,0,0,0,0,0,0,0,0,1585,0,1585
7/14/2024,1464,0,0,0,0,0,1325,0,0,0,0,1464,1325,139
7/15/2024,1652,0,0,0,0,775,1325,0,0,0,0,1652,2100,-448
7/16/2024,1213,2666,0,0,0,0,0,0,0,0,0,3879,0,3879
7/17/2024,1751,0,0,0,0,0,0,0,0,0,0,1751,0,1751
7/18/2024,1250,0,0,0,0,0,1325,0,0,0,0,1250,1325,-75
7/19/2024,1821,0,0,0,0,0,0,1000,0,0,0,1821,1000,821
7/20/2024,1486,0,0,0,0,0,0,0,0,0,0,1486,0,1486
7/21/2024,1186,0,0,0,0,0,0,0,0,0,0,1186,0,1186
7/22/2024,1517,0,0,0,0,0,0,0,0,0,0,1517,0,1517
7/23/2024,1296,0,0,0,0,0,0,0,0,0,0,1296,0,1296
7/24/2024,1607,0,0,0,0,775,0,0,0,0,0,1607,775,832
7/25/2024,1607,0,0,0,0,0,0,0,0,0,500,1607,500,1107
7/26/2024,1737,0,0,0,0,0,0,0,0,0,500,1737,500,1237
7/27/2024,1474,0,0,0,0,0,0,0,0,0,0,1474,0,1474
7/28/2024,1657,0,0,30000,0,0,0,0,0,0,0,1657,30000,-28343
7/29/2024,1777,0,0,0,0,0,0,0,0,0,0,1777,0,1777
7/30/2024,1707,0,0,0,0,775,0,0,0,0,0,1707,775,932
7/31/2024,1599,0,0,0,0,775,0,0,500,0,0,1599,1275,324
8/1/2024,1711,0,0,0,8500,0,0,0,0,0,0,1711,8500,-6789
8/2/2024,1793,0,0,0,0,0,0,0,0,0,0,1793,0,1793
8/3/2024,1730,0,0,0,0,0,0,0,0,0,0,1730,0,1730
8/4/2024,1466,0,0,0,0,0,0,0,0,0,0,1466,0,1466
8/5/2024,1731,0,0,0,0,0,0,0,0,0,0,1731,0,1731
8/6/2024,1663,0,0,0,0,0,0,0,0,0,0,1663,0,1663
8/7/2024,1770,0,0,0,0,0,0,0,0,0,0,1770,0,1770
8/8/2024,1786,0,0,0,0,875,0,0,0,0,0,1786,875,911
8/9/2024,1666,0,0,0,0,0,1300,0,1250,0,0,1666,2550,-884
8/10/2024,1345,0,0,0,0,0,0,0,0,0,0,1345,0,1345
8/11/2024,1261,0,0,0,0,1750,0,1333,0,0,0,1261,3083,-1822
8/12/2024,1539,0,0,0,0,0,0,0,0,0,450,1539,450,1089
8/13/2024,1378,0,0,0,0,0,0,0,0,0,0,1378,0,1378
8/14/2024,1313,0,0,0,0,875,0,0,0,0,0,1313,875,438
8/15/2024,1607,0,0,0,0,0,0,0,0,0,0,1607,0,1607
8/16/2024,1632,0,0,0,0,0,0,1333,0,0,0,1632,1333,299
8/17/2024,1583,0,0,0,0,0,2600,0,0,0,0,1583,2600,-1017
8/18/2024,1903,0,0,0,0,0,0,0,0,0,0,1903,0,1903
8/19/2024,1536,0,0,0,0,0,0,0,0,0,0,1536,0,1536
8/20/2024,1239,0,0,0,0,0,0,1333,0,0,0,1239,1333,-94
8/21/2024,1403,0,0,0,0,0,0,0,0,0,0,1403,0,1403
8/22/2024,1418,0,0,0,0,0,0,0,0,0,0,1418,0,1418
8/23/2024,1756,0,0,0,0,0,0,0,0,0,0,1756,0,1756
8/24/2024,1531,0,0,0,0,0,0,0,0,0,0,1531,0,1531
8/25/2024,1890,0,0,0,0,0,0,0,0,0,0,1890,0,1890
8/26/2024,1692,0,0,0,0,0,0,0,0,0,0,1692,0,1692
8/27/2024,2135,0,0,0,0,0,1300,0,1250,0,0,2135,2550,-415
8/28/2024,1874,0,0,30000,0,0,0,0,0,0,450,1874,30450,-28576
8/29/2024,1686,0,0,0,0,0,0,0,0,0,0,1686,0,1686
8/30/2024,1667,0,0,0,0,0,0,0,0,0,450,1667,450,1217
8/31/2024,1507,0,0,0,0,0,0,0,0,0,450,1507,450,1057
9/1/2024,1627,0,0,0,8500,0,0,0,0,0,0,1627,8500,-6873
9/2/2024,1389,0,0,0,0,0,0,0,0,0,0,1389,0,1389
9/3/2024,2252,0,0,0,0,0,0,0,0,0,0,2252,0,2252
9/4/2024,1549,0,0,0,0,0,1375,0,0,0,0,1549,1375,174
9/5/2024,1305,4666,0,0,0,0,0,0,0,0,500,5971,500,5471
9/6/2024,1795,0,0,0,0,0,0,0,0,0,0,1795,0,1795
9/7/2024,1794,0,0,0,0,0,0,0,0,0,0,1794,0,1794
9/8/2024,1558,0,0,0,0,0,0,2333,0,0,0,1558,2333,-775
9/9/2024,1731,0,0,0,0,900,1375,0,0,3000,0,1731,5275,-3544
9/10/2024,1789,0,0,0,0,0,0,0,0,0,0,1789,0,1789
9/11/2024,1741,4666,0,0,0,900,0,0,0,3000,0,6407,3900,2507
9/12/2024,1421,0,0,0,0,0,0,0,0,0,0,1421,0,1421
9/13/2024,1751,0,0,0,0,900,0,0,2500,0,0,1751,3400,-1649
9/14/2024,1542,0,0,0,0,0,0,0,0,0,0,1542,0,1542
9/15/2024,1671,0,0,0,0,0,0,0,0,0,0,1671,0,1671
9/16/2024,1326,0,0,0,0,0,0,0,0,0,0,1326,0,1326
9/17/2024,1422,0,0,0,0,0,1375,0,0,0,0,1422,1375,47
9/18/2024,1489,0,0,0,0,0,1375,0,0,0,0,1489,1375,114
9/19/2024,1659,0,0,0,0,0,0,0,0,0,0,1659,0,1659
9/20/2024,1747,0,0,0,0,0,0,0,2500,0,1000,1747,3500,-1753
9/21/2024,1826,0,0,0,0,0,0,0,0,0,0,1826,0,1826
9/22/2024,1606,0,0,0,0,0,0,0,0,0,0,1606,0,1606
9/23/2024,1545,0,0,0,0,0,0,2333,0,0,0,1545,2333,-788
9/24/2024,1778,4666,0,0,0,0,0,0,0,0,0,6444,0,6444
9/25/2024,1832,0,0,0,0,0,0,0,0,0,0,1832,0,1832
9/26/2024,1997,0,0,0,0,900,0,0,0,0,0,1997,900,1097
9/27/2024,2010,0,0,0,0,0,0,0,0,0,0,2010,0,2010
9/28/2024,1747,0,0,30000,0,0,0,2333,0,0,0,1747,32333,-30586
9/29/2024,1743,0,0,0,0,0,0,0,0,0,500,1743,500,1243
9/30/2024,2040,0,0,0,0,0,0,0,0,0,0,2040,0,2040
10/1/2024,1996,0,0,0,9000,0,0,0,0,0,0,1996,9000,-7004
10/2/2024,2118,0,0,0,0,0,0,0,0,0,625,2118,625,1493
10/3/2024,1859,0,0,0,0,950,0,0,0,0,0,1859,950,909
10/4/2024,2114,0,0,0,0,0,0,0,0,0,0,2114,0,2114
10/5/2024,2113,0,0,0,0,950,0,0,0,0,0,2113,950,1163
10/6/2024,2015,3333,0,0,0,0,0,0,3500,0,0,5348,3500,1848
10/7/2024,1958,0,0,0,0,0,0,0,0,0,0,1958,0,1958
10/8/2024,1896,0,0,0,0,0,0,0,0,0,625,1896,625,1271
10/9/2024,1929,3333,0,0,0,0,0,0,0,0,0,5262,0,5262
10/10/2024,2004,0,0,0,0,0,1500,0,0,0,0,2004,1500,504
10/11/2024,2233,0,0,0,0,0,1500,0,0,0,0,2233,1500,733
10/12/2024,2089,0,0,0,0,0,0,5000,0,0,0,2089,5000,-2911
10/13/2024,1740,0,0,0,0,0,0,0,0,0,0,1740,0,1740
10/14/2024,1877,0,0,0,0,0,0,0,0,0,0,1877,0,1877
10/15/2024,2226,0,0,0,0,0,0,0,0,0,625,2226,625,1601
10/16/2024,2016,0,0,0,0,0,0,5000,0,0,0,2016,5000,-2984
10/17/2024,2170,0,0,0,0,0,0,0,0,0,0,2170,0,2170
10/18/2024,1831,0,0,0,0,950,0,0,0,0,0,1831,950,881
10/19/2024,1993,0,0,0,0,0,0,0,0,0,0,1993,0,1993
10/20/2024,1734,0,0,0,0,0,0,0,0,0,0,1734,0,1734
10/21/2024,1942,0,0,0,0,0,1500,0,0,0,0,1942,1500,442
10/22/2024,2624,0,0,0,0,0,1500,0,0,0,0,2624,1500,1124
10/23/2024,1666,0,0,0,0,0,0,0,0,0,0,1666,0,1666
10/24/2024,2112,0,0,0,0,0,0,0,0,0,0,2112,0,2112
10/25/2024,2045,3333,0,0,0,0,0,0,0,0,0,5378,0,5378
10/26/2024,2303,0,0,0,0,0,0,0,0,0,0,2303,0,2303
10/27/2024,2241,0,0,0,0,0,0,0,0,0,0,2241,0,2241
10/28/2024,2009,0,0,30000,0,0,0,5000,0,0,625,2009,35625,-33616
10/29/2024,1994,0,0,0,0,0,0,0,0,0,0,1994,0,1994
10/30/2024,2131,0,0,0,0,950,0,0,0,0,0,2131,950,1181
10/31/2024,2069,0,0,0,0,0,0,0,3500,0,0,2069,3500,-1431
11/1/2024,1914,0,0,0,9000,825,1400,0,0,0,0,1914,11225,-9311
11/2/2024,1969,0,0,0,0,0,0,0,0,0,0,1969,0,1969
11/3/2024,2218,0,0,0,0,825,0,0,0,0,0,2218,825,1393
11/4/2024,2351,0,0,0,0,0,0,0,0,0,0,2351,0,2351
11/5/2024,2034,0,0,0,0,0,1400,0,0,0,0,2034,1400,634
11/6/2024,2184,0,0,0,0,0,0,0,0,0,550,2184,550,1634
11/7/2024,2375,0,0,0,0,0,0,0,0,0,0,2375,0,2375
11/8/2024,2076,0,0,0,0,0,1400,1666,1500,0,0,2076,4566,-2490
11/9/2024,2232,0,0,0,0,0,0,0,0,0,0,2232,0,2232
11/10/2024,2167,0,0,0,0,0,0,0,0,0,0,2167,0,2167
11/11/2024,1906,0,0,0,0,0,0,0,0,0,0,1906,0,1906
11/12/2024,2516,0,0,0,0,0,0,0,0,0,0,2516,0,2516
11/13/2024,1990,0,0,0,0,0,0,0,0,0,0,1990,0,1990
11/14/2024,1827,2333,0,0,0,0,0,0,0,0,0,4160,0,4160
11/15/2024,2068,0,0,0,0,0,0,0,0,0,0,2068,0,2068
11/16/2024,1663,0,0,0,0,0,0,0,0,0,550,1663,550,1113
11/17/2024,1927,0,0,0,0,0,0,1666,0,0,0,1927,1666,261
11/18/2024,1722,0,0,0,0,0,0,0,0,0,0,1722,0,1722
11/19/2024,2225,0,0,0,0,0,0,0,0,0,0,2225,0,2225
11/20/2024,2059,0,0,0,0,0,1400,0,0,0,550,2059,1950,109
11/21/2024,2030,0,0,0,0,0,0,0,0,0,0,2030,0,2030
11/22/2024,2621,0,0,0,0,0,0,0,1500,0,0,2621,1500,1121
11/23/2024,2040,0,0,0,0,0,0,0,0,0,0,2040,0,2040
11/24/2024,1995,0,0,0,0,825,0,0,0,0,0,1995,825,1170
11/25/2024,2124,2333,0,0,0,0,0,0,0,0,0,4457,0,4457
11/26/2024,2334,0,0,0,0,0,0,0,0,0,0,2334,0,2334
11/27/2024,2316,0,0,0,0,0,0,1666,0,0,0,2316,1666,650
11/28/2024,2214,0,0,30000,0,825,0,0,0,0,0,2214,30825,-28611
11/29/2024,2089,2333,0,0,0,0,0,0,0,0,0,4422,0,4422
11/30/2024,1984,0,0,0,0,0,0,0,0,0,550,1984,550,1434
12/1/2024,2793,0,0,0,9000,1000,0,0,0,0,0,2793,10000,-7207
12/2/2024,2563,0,0,0,0,0,0,0,0,0,0,2563,0,2563
12/3/2024,2459,6666,0,0,0,0,0,0,0,0,0,9125,0,9125
12/4/2024,2519,0,0,0,0,0,0,0,0,0,0,2519,0,2519
12/5/2024,2647,0,0,0,0,0,0,0,0,4000,0,2647,4000,-1353
12/6/2024,2456,6666,0,0,0,1000,0,0,0,0,0,9122,1000,8122
12/7/2024,2431,0,0,0,0,0,0,6666,0,0,0,2431,6666,-4235
12/8/2024,2356,0,0,0,0,0,1500,0,0,0,0,2356,1500,856
12/9/2024,2342,0,0,0,0,0,0,0,0,0,0,2342,0,2342
12/10/2024,2667,0,0,0,0,1000,0,6666,0,0,0,2667,7666,-4999
12/11/2024,2386,0,0,0,0,0,0,0,0,0,0,2386,0,2386
12/12/2024,2405,0,0,0,0,0,0,0,0,0,0,2405,0,2405
12/13/2024,2467,0,0,0,0,0,0,0,0,4000,0,2467,4000,-1533
12/14/2024,2361,0,40000,0,0,0,0,0,0,0,0,42361,0,42361
12/15/2024,2383,0,0,0,0,0,0,0,0,0,0,2383,0,2383
12/16/2024,2474,0,0,0,0,0,0,0,0,0,0,2474,0,2474
12/17/2024,2772,0,0,0,0,0,0,0,5000,0,0,2772,5000,-2228
12/18/2024,1924,0,0,0,0,0,0,0,0,0,0,1924,0,1924
12/19/2024,2095,0,0,0,0,0,1500,0,0,0,0,2095,1500,595
12/20/2024,2239,0,0,0,0,0,1500,0,5000,0,0,2239,6500,-4261
12/21/2024,2309,0,0,0,0,0,0,0,0,0,750,2309,750,1559
12/22/2024,2408,0,0,0,0,0,0,0,0,0,750,2408,750,1658
12/23/2024,2109,0,0,0,0,0,0,0,0,0,0,2109,0,2109
12/24/2024,2396,0,0,0,0,1000,0,0,0,0,0,2396,1000,1396
12/25/2024,2615,0,0,0,0,0,0,6666,0,0,0,2615,6666,-4051
12/26/2024,2663,0,0,0,0,0,0,0,0,0,0,2663,0,2663
12/27/2024,2729,0,0,0,0,0,0,0,0,0,750,2729,750,1979
12/28/2024,2382,6666,0,30000,0,0,1500,0,0,0,750,9048,32250,-23202
12/29/2024,2572,0,0,0,0,0,0,0,0,0,0,2572,0,2572
12/30/2024,2252,0,0,0,0,0,0,0,0,0,0,2252,0,2252
12/31/2024,2570,0,0,0,0,0,0,0,0,0,0,2570,0,2570
1/1/2025,843,0,0,0,10093,898,0,0,0,0,0,843,10991,-10148
1/2/2025,1336,4793,0,0,0,0,0,0,0,0,0,6129,0,6129
1/3/2025,1385,0,0,0,0,0,0,0,0,0,0,1385,0,1385
1/4/2025,1169,0,0,0,0,0,0,0,0,0,0,1169,0,1169
1/5/2025,1182,0,0,0,0,0,0,0,0,0,334,1182,334,848
1/6/2025,1629,0,0,0,0,0,0,0,0,0,0,1629,0,1629
1/7/2025,1513,0,0,0,0,0,1549,0,0,0,0,1513,1549,-36
1/8/2025,1377,0,0,0,0,0,0,0,0,0,0,1377,0,1377
1/9/2025,1516,0,0,0,0,898,0,0,0,0,0,1516,898,618
1/10/2025,1728,0,0,0,0,0,0,2766,0,0,0,1728,2766,-1038
1/11/2025,1494,0,0,0,0,0,0,2766,0,0,0,1494,2766,-1272
1/12/2025,650,0,0,0,0,0,0,2766,1803,0,334,650,4903,-4253
1/13/2025,1358,0,0,0,0,0,0,0,0,0,0,1358,0,1358
1/14/2025,1276,0,0,0,0,0,0,0,0,0,0,1276,0,1276
1/15/2025,951,4793,0,0,0,0,0,0,0,0,0,5744,0,5744
1/16/2025,1352,0,0,0,0,0,0,0,0,0,334,1352,334,1018
1/17/2025,1136,0,0,0,0,0,1549,0,0,0,0,1136,1549,-413
1/18/2025,1586,0,0,0,0,0,1549,0,1803,0,0,1586,3352,-1766
1/19/2025,1328,0,0,0,0,0,0,0,0,0,0,1328,0,1328
1/20/2025,1227,0,0,0,0,0,0,0,0,0,0,1227,0,1227
1/21/2025,1295,4793,0,0,0,0,0,0,0,0,0,6088,0,6088
1/22/2025,1811,0,0,0,0,0,1549,0,0,0,334,1811,1883,-72
1/23/2025,1518,0,0,0,0,898,0,0,0,0,0,1518,898,620
1/24/2025,1412,0,0,0,0,0,0,0,0,0,0,1412,0,1412
1/25/2025,1284,0,0,0,0,0,0,0,0,0,0,1284,0,1284
1/26/2025,1267,0,0,0,0,0,0,0,0,0,0,1267,0,1267
1/27/2025,964,0,0,0,0,898,0,0,0,0,0,964,898,66
1/28/2025,1415,0,0,31248,0,0,0,0,0,0,0,1415,31248,-29833
1/29/2025,1167,0,0,0,0,0,0,0,0,0,0,1167,0,1167
1/30/2025,1546,0,0,0,0,0,0,0,0,0,0,1546,0,1546
1/31/2025,1404,0,0,0,0,0,0,0,0,0,0,1404,0,1404
2/1/2025,1863,0,0,0,7694,0,0,0,0,0,0,1863,7694,-5831
2/2/2025,2309,0,0,0,0,0,1524,0,0,2458,0,2309,3982,-1673
2/3/2025,2083,0,0,0,0,786,0,0,0,0,0,2083,786,1297
2/4/2025,1892,0,0,0,0,0,0,0,0,0,0,1892,0,1892
2/5/2025,1951,0,0,0,0,0,0,0,0,0,1182,1951,1182,769
2/6/2025,1704,0,0,0,0,0,0,0,0,0,0,1704,0,1704
2/7/2025,1923,0,0,0,0,0,0,0,2874,0,0,1923,2874,-951
2/8/2025,2026,0,0,0,0,0,0,0,0,0,0,2026,0,2026
2/9/2025,1881,0,0,0,0,786,0,0,2874,0,0,1881,3660,-1779
2/10/2025,1656,0,0,0,0,0,0,0,0,0,0,1656,0,1656
2/11/2025,1861,0,0,0,0,0,0,0,0,0,0,1861,0,1861
2/12/2025,1482,0,0,0,0,0,0,0,0,0,0,1482,0,1482
2/13/2025,2036,0,0,0,0,0,0,0,0,0,0,2036,0,2036
2/14/2025,2185,0,0,0,0,0,1524,0,0,0,0,2185,1524,661
2/15/2025,2437,0,0,0,0,0,0,0,0,0,0,2437,0,2437
2/16/2025,2050,0,0,0,0,0,1524,0,0,0,0,2050,1524,526
2/17/2025,1693,0,0,0,0,0,0,0,0,0,0,1693,0,1693
2/18/2025,2050,0,0,0,0,0,0,0,0,0,0,2050,0,2050
2/19/2025,2045,0,0,0,0,786,0,0,0,0,591,2045,1377,668
2/20/2025,1991,0,0,0,0,0,0,0,0,0,0,1991,0,1991
2/21/2025,1654,0,0,0,0,0,0,0,0,0,0,1654,0,1654
2/22/2025,1917,0,25220,0,0,0,0,0,0,0,591,27137,591,26546
2/23/2025,2064,4358,0,0,0,786,0,0,0,0,0,6422,786,5636
2/24/2025,1883,0,0,0,0,0,1524,0,0,0,0,1883,1524,359
2/25/2025,2404,0,0,0,0,0,0,0,0,0,0,2404,0,2404
2/26/2025,1637,0,0,0,0,0,0,0,0,2458,0,1637,2458,-821
2/27/2025,1894,4358,0,0,0,0,0,0,0,0,0,6252,0,6252
2/28/2025,1939,0,0,27192,0,0,0,0,0,0,0,1939,27192,-25253
3/1/2025,1474,0,0,0,8957,0,0,0,0,0,0,1474,8957,-7483
3/2/2025,1322,0,0,0,0,0,0,0,0,0,0,1322,0,1322
3/3/2025,1276,0,0,0,0,0,0,0,0,0,0,1276,0,1276
3/4/2025,1356,0,0,0,0,0,0,0,0,0,0,1356,0,1356
3/5/2025,1167,0,0,0,0,0,0,0,0,0,359,1167,359,808
3/6/2025,1211,0,0,0,0,0,0,0,0,0,0,1211,0,1211
3/7/2025,1462,0,0,0,0,0,0,0,0,0,359,1462,359,1103
3/8/2025,1584,0,0,0,0,0,0,0,0,0,0,1584,0,1584
3/9/2025,1432,0,0,0,0,0,0,1221,0,0,0,1432,1221,211
3/10/2025,1353,0,0,0,0,0,0,0,0,0,0,1353,0,1353
3/11/2025,1119,0,0,0,0,0,0,0,1052,0,0,1119,1052,67
3/12/2025,1193,0,0,0,0,0,0,0,0,0,359,1193,359,834
3/13/2025,1752,0,0,0,0,0,1294,0,0,0,0,1752,1294,458
3/14/2025,1387,0,0,0,0,0,0,0,0,0,0,1387,0,1387
3/15/2025,1488,0,0,0,0,0,0,0,0,0,0,1488,0,1488
3/16/2025,1417,0,0,0,0,704,0,0,0,0,0,1417,704,713
3/17/2025,1224,0,0,0,0,0,0,0,0,0,0,1224,0,1224
3/18/2025,1488,0,0,0,0,0,1294,1221,0,0,0,1488,2515,-1027
3/19/2025,1229,0,0,0,0,704,0,0,0,0,0,1229,704,525
3/20/2025,1140,0,0,0,0,0,0,0,0,0,0,1140,0,1140
3/21/2025,1431,0,0,0,0,0,0,0,0,0,0,1431,0,1431
3/22/2025,1598,0,0,0,0,0,0,0,0,0,0,1598,0,1598
3/23/2025,1379,0,0,0,0,0,0,0,0,0,359,1379,359,1020
3/24/2025,1380,0,0,0,0,0,0,0,0,0,0,1380,0,1380
3/25/2025,1556,0,0,0,0,0,0,1221,0,0,0,1556,1221,335
3/26/2025,1127,0,0,0,0,0,1294,0,0,0,0,1127,1294,-167
3/27/2025,1423,0,0,0,0,0,0,0,0,0,0,1423,0,1423
3/28/2025,1590,0,0,32865,0,0,0,0,0,0,0,1590,32865,-31275
3/29/2025,1560,0,0,0,0,0,0,0,0,0,0,1560,0,1560
3/30/2025,1787,0,0,0,0,1408,1294,0,0,0,0,1787,2702,-915
3/31/2025,1138,0,0,0,0,0,0,0,1052,0,0,1138,1052,86
4/1/2025,2066,0,0,0,9576,0,0,0,0,0,0,2066,9576,-7510
4/2/2025,2164,0,0,0,0,0,1386,0,0,0,0,2164,1386,778
4/3/2025,1877,0,0,0,0,0,1386,0,0,0,0,1877,1386,491
4/4/2025,1821,0,0,0,0,0,1386,0,3600,0,0,1821,4986,-3165
4/5/2025,2247,0,0,0,0,0,0,0,0,0,0,2247,0,2247
4/6/2025,2207,0,0,0,0,0,0,4778,0,0,562,2207,5340,-3133
4/7/2025,1782,0,0,0,0,0,0,0,3600,0,0,1782,3600,-1818
4/8/2025,2176,0,0,0,0,0,0,0,0,0,0,2176,0,2176
4/9/2025,1940,5531,0,0,0,0,0,0,0,0,0,7471,0,7471
4/10/2025,2220,0,0,0,0,0,0,0,0,0,0,2220,0,2220
4/11/2025,1831,0,0,0,0,0,0,0,0,0,0,1831,0,1831
4/12/2025,2064,0,0,0,0,0,0,4778,0,0,0,2064,4778,-2714
4/13/2025,2262,0,0,0,0,0,0,0,0,0,0,2262,0,2262
4/14/2025,1859,0,0,0,0,0,0,0,0,0,0,1859,0,1859
4/15/2025,2250,0,0,0,0,0,0,0,0,0,562,2250,562,1688
4/16/2025,1824,0,0,0,0,0,0,0,0,0,0,1824,0,1824
4/17/2025,1781,5531,0,0,0,0,0,0,0,0,0,7312,0,7312
4/18/2025,1524,0,0,0,0,860,1386,0,0,0,0,1524,2246,-722
4/19/2025,1910,0,0,0,0,0,0,0,0,0,0,1910,0,1910
4/20/2025,2326,0,0,0,0,860,0,0,0,0,1124,2326,1984,342
4/21/2025,2513,0,0,0,0,0,0,0,0,0,0,2513,0,2513
4/22/2025,1740,0,0,0,0,860,0,0,0,0,0,1740,860,880
4/23/2025,1872,0,0,0,0,0,0,0,0,0,0,1872,0,1872
4/24/2025,2043,0,0,0,0,0,0,0,0,0,0,2043,0,2043
4/25/2025,2202,0,0,0,0,0,0,0,0,0,0,2202,0,2202
4/26/2025,1683,0,0,0,0,0,0,0,0,0,0,1683,0,1683
4/27/2025,2178,0,0,0,0,0,0,0,0,0,0,2178,0,2178
4/28/2025,2443,5531,0,32742,0,0,0,4778,0,0,0,7974,37520,-29546
4/29/2025,2237,0,0,0,0,0,0,0,0,0,0,2237,0,2237
4/30/2025,2295,0,0,0,0,860,0,0,0,0,0,2295,860,1435
5/1/2025,1690,0,0,0,8122,0,0,0,0,0,0,1690,8122,-6432
5/2/2025,1797,0,0,0,0,0,1355,0,0,0,446,1797,1801,-4
5/3/2025,2093,2023,0,0,0,769,0,0,0,0,0,4116,769,3347
5/4/2025,1656,0,0,0,0,0,0,0,0,0,446,1656,446,1210
5/5/2025,2073,0,0,0,0,0,0,0,0,2085,0,2073,2085,-12
5/6/2025,1918,0,0,0,0,0,0,0,0,0,0,1918,0,1918
5/7/2025,1627,0,0,0,0,0,0,0,0,0,0,1627,0,1627
5/8/2025,1638,2023,0,0,0,769,0,0,0,0,0,3661,769,2892
5/9/2025,2062,0,0,0,0,0,0,0,0,0,0,2062,0,2062
5/10/2025,1959,0,0,0,0,0,1355,0,0,0,0,1959,1355,604
5/11/2025,1850,0,0,0,0,0,0,0,0,0,0,1850,0,1850
5/12/2025,2458,0,0,0,0,769,0,0,0,0,0,2458,769,1689
5/13/2025,1668,0,0,0,0,0,0,0,0,0,0,1668,0,1668
5/14/2025,1522,0,0,0,0,0,0,0,0,0,0,1522,0,1522
5/15/2025,1682,2023,0,0,0,0,0,0,0,0,0,3705,0,3705
5/16/2025,1881,0,0,0,0,0,0,0,0,0,0,1881,0,1881
5/17/2025,1823,0,0,0,0,0,0,0,0,0,0,1823,0,1823
5/18/2025,2044,0,0,0,0,0,0,773,0,0,0,2044,773,1271
5/19/2025,1763,0,0,0,0,0,0,773,0,0,0,1763,773,990
5/20/2025,1920,0,0,0,0,0,0,0,0,0,0,1920,0,1920
5/21/2025,2028,0,0,0,0,0,1355,0,0,0,0,2028,1355,673
5/22/2025,1797,0,0,0,0,0,1355,0,0,0,0,1797,1355,442
5/23/2025,1828,0,0,0,0,0,0,0,0,0,0,1828,0,1828
5/24/2025,1772,0,0,0,0,0,0,0,0,2085,0,1772,2085,-313
5/25/2025,1870,0,0,0,0,0,0,773,0,0,446,1870,1219,651
5/26/2025,1732,0,0,0,0,0,0,0,0,0,446,1732,446,1286
5/27/2025,1455,0,0,0,0,0,0,0,0,0,0,1455,0,1455
5/28/2025,2183,0,0,26376,0,0,0,0,0,0,0,2183,26376,-24193
5/29/2025,1907,0,0,0,0,769,0,0,0,0,0,1907,769,1138
5/30/2025,1732,0,0,0,0,0,0,0,0,0,0,1732,0,1732
5/31/2025,1902,0,0,0,0,0,0,0,0,0,0,1902,0,1902
6/1/2025,1905,0,0,0,9548,0,0,0,0,0,0,1905,9548,-7643
6/2/2025,1781,0,0,0,0,0,0,0,0,0,0,1781,0,1781
6/3/2025,2021,0,0,0,0,0,0,0,0,0,0,2021,0,2021
6/4/2025,2143,0,0,0,0,0,0,0,0,0,846,2143,846,1297
6/5/2025,2154,0,0,0,0,1017,0,0,0,0,0,2154,1017,1137
6/6/2025,2040,0,0,0,0,0,0,3937,0,0,0,2040,3937,-1897
6/7/2025,1930,0,0,0,0,0,0,0,5238,0,0,1930,5238,-3308
6/8/2025,1530,0,0,0,0,0,0,0,0,0,0,1530,0,1530
6/9/2025,1867,0,0,0,0,0,1659,0,0,0,0,1867,1659,208
6/10/2025,2005,0,33821,0,0,0,1659,0,0,0,0,35826,1659,34167
6/11/2025,2194,0,0,0,0,0,0,0,0,0,0,2194,0,2194
6/12/2025,1844,0,0,0,0,0,0,0,0,0,0,1844,0,1844
6/13/2025,1908,0,0,0,0,0,0,0,0,0,0,1908,0,1908
6/14/2025,1774,0,0,0,0,0,1659,0,0,0,0,1774,1659,115
6/15/2025,1753,0,0,0,0,0,0,0,0,0,0,1753,0,1753
6/16/2025,2018,0,0,0,0,1017,0,3937,0,0,0,2018,4954,-2936
6/17/2025,1988,0,0,0,0,0,0,0,0,0,0,1988,0,1988
6/18/2025,1922,0,0,0,0,0,0,0,0,0,846,1922,846,1076
6/19/2025,2094,3858,0,0,0,1017,0,0,0,0,0,5952,1017,4935
6/20/2025,1987,0,0,0,0,0,0,0,5238,0,846,1987,6084,-4097
6/21/2025,1706,0,0,0,0,0,1659,0,0,0,0,1706,1659,47
6/22/2025,1862,0,0,0,0,0,0,0,0,0,0,1862,0,1862
6/23/2025,1882,0,0,0,0,0,0,0,0,0,0,1882,0,1882
6/24/2025,2158,0,0,0,0,0,0,0,0,0,0,2158,0,2158
6/25/2025,2052,0,0,0,0,0,0,0,0,0,846,2052,846,1206
6/26/2025,1712,0,0,0,0,0,0,0,0,0,0,1712,0,1712
6/27/2025,1932,3858,0,0,0,0,0,0,0,0,0,5790,0,5790
6/28/2025,2067,3858,0,28978,0,1017,0,0,0,0,0,5925,29995,-24070
6/29/2025,1950,0,0,0,0,0,0,0,0,0,0,1950,0,1950
6/30/2025,2145,0,0,0,0,0,0,3937,0,0,0,2145,3937,-1792
7/1/2025,1377,0,0,0,8207,0,0,0,0,0,0,1377,8207,-6830
7/2/2025,1848,0,0,0,0,0,0,0,0,0,0,1848,0,1848
7/3/2025,1291,2947,0,0,0,763,0,0,0,0,0,4238,763,3475
7/4/2025,1608,0,0,0,0,0,0,0,0,0,0,1608,0,1608
7/5/2025,1635,0,0,0,0,0,0,1089,0,0,0,1635,1089,546
7/6/2025,1446,0,0,0,0,0,0,0,0,0,537,1446,537,909
7/7/2025,1706,0,0,0,0,763,0,0,0,0,0,1706,763,943
7/8/2025,1399,0,0,0,0,763,0,0,0,0,0,1399,763,636
7/9/2025,1378,0,0,0,0,0,0,0,0,0,0,1378,0,1378
7/10/2025,1473,0,0,0,0,0,0,0,0,0,537,1473,537,936
7/11/2025,1648,0,0,0,0,0,0,0,0,0,0,1648,0,1648
7/12/2025,1442,2947,0,0,0,0,0,0,0,0,0,4389,0,4389
7/13/2025,1578,0,0,0,0,0,0,0,0,0,0,1578,0,1578
7/14/2025,1211,0,0,0,0,0,0,1089,0,0,0,1211,1089,122
7/15/2025,1777,0,0,0,0,0,1364,0,0,0,0,1777,1364,413
7/16/2025,1536,0,0,0,0,0,1364,0,0,0,0,1536,1364,172
7/17/2025,1583,0,0,0,0,0,0,0,496,0,0,1583,496,1087
7/18/2025,1710,0,0,0,0,0,1364,0,496,0,537,1710,2397,-687
7/19/2025,1207,2947,0,0,0,0,0,0,0,0,0,4154,0,4154
7/20/2025,1650,0,0,0,0,0,0,0,0,0,0,1650,0,1650
7/21/2025,1605,0,0,0,0,0,0,1089,0,0,0,1605,1089,516
7/22/2025,1524,0,0,0,0,0,0,0,0,0,0,1524,0,1524
7/23/2025,1622,0,0,0,0,0,0,0,0,0,0,1622,0,1622
7/24/2025,1539,0,0,0,0,0,0,0,0,0,0,1539,0,1539
7/25/2025,1669,0,0,0,0,763,0,0,0,0,0,1669,763,906
7/26/2025,1722,0,0,0,0,0,0,0,0,0,0,1722,0,1722
7/27/2025,1721,0,0,0,0,0,0,0,0,0,0,1721,0,1721
7/28/2025,1371,0,0,31101,0,0,1364,0,0,0,0,1371,32465,-31094
7/29/2025,1781,0,0,0,0,0,0,0,0,0,0,1781,0,1781
7/30/2025,1713,0,0,0,0,0,0,0,0,0,537,1713,537,1176
7/31/2025,1702,0,0,0,0,0,0,0,0,0,0,1702,0,1702
8/1/2025,2265,0,0,0,9889,852,0,0,0,0,0,2265,10741,-8476
8/2/2025,1790,0,0,0,0,0,0,0,0,0,0,1790,0,1790
8/3/2025,1924,0,0,0,0,0,0,0,0,0,0,1924,0,1924
8/4/2025,1723,0,0,0,0,0,1284,0,0,0,0,1723,1284,439
8/5/2025,1960,0,0,0,0,0,0,0,0,0,0,1960,0,1960
8/6/2025,1919,0,0,0,0,0,0,0,0,0,0,1919,0,1919
8/7/2025,2026,0,0,0,0,0,0,0,0,0,0,2026,0,2026
8/8/2025,2142,0,0,0,0,0,0,0,0,0,0,2142,0,2142
8/9/2025,2060,0,0,0,0,0,0,0,0,0,0,2060,0,2060
8/10/2025,2079,0,0,0,0,0,0,1367,0,0,0,2079,1367,712
8/11/2025,1841,0,0,0,0,0,0,0,0,0,0,1841,0,1841
8/12/2025,2051,0,0,0,0,0,0,0,0,0,0,2051,0,2051
8/13/2025,1658,0,0,0,0,852,0,0,0,0,0,1658,852,806
8/14/2025,1672,0,0,0,0,0,0,1367,0,0,0,1672,1367,305
8/15/2025,1418,0,0,0,0,0,0,0,0,0,0,1418,0,1418
8/16/2025,1690,0,0,0,0,0,1284,0,0,0,0,1690,1284,406
8/17/2025,1832,0,0,0,0,0,0,0,0,0,0,1832,0,1832
8/18/2025,2064,0,0,0,0,0,0,0,0,0,0,2064,0,2064
8/19/2025,1765,0,0,0,0,0,0,0,0,0,0,1765,0,1765
8/20/2025,1825,0,0,0,0,0,0,0,0,0,0,1825,0,1825
8/21/2025,1799,0,0,0,0,0,0,0,0,0,0,1799,0,1799
8/22/2025,2129,0,0,0,0,0,0,0,1397,0,449,2129,1846,283
8/23/2025,2199,0,0,0,0,1704,0,0,0,0,0,2199,1704,495
8/24/2025,1732,0,0,0,0,0,0,1367,0,0,0,1732,1367,365
8/25/2025,1556,0,0,0,0,0,0,0,0,0,0,1556,0,1556
8/26/2025,1776,0,0,0,0,0,0,0,0,0,449,1776,449,1327
8/27/2025,1705,0,0,0,0,0,0,0,0,0,0,1705,0,1705
8/28/2025,1803,0,0,31382,0,0,0,0,0,0,0,1803,31382,-29579
8/29/2025,1834,0,0,0,0,0,1284,0,0,0,0,1834,1284,550
8/30/2025,1913,0,0,0,0,0,1284,0,1397,0,0,1913,2681,-768
8/31/2025,1985,0,0,0,0,0,0,0,0,0,898,1985,898,1087
9/1/2025,2404,0,0,0,9334,0,0,0,0,0,0,2404,9334,-6930
9/2/2025,1838,0,0,0,0,0,0,0,2860,0,0,1838,2860,-1022
9/3/2025,1622,0,0,0,0,0,0,0,0,0,0,1622,0,1622
9/4/2025,1978,0,0,0,0,0,1396,0,0,0,1072,1978,2468,-490
9/5/2025,1983,4542,0,0,0,0,0,0,0,0,0,6525,0,6525
9/6/2025,2161,0,0,0,0,0,0,0,0,0,536,2161,536,1625
9/7/2025,1867,0,0,0,0,0,0,0,0,0,0,1867,0,1867
9/8/2025,1817,0,0,0,0,0,0,0,0,0,0,1817,0,1817
9/9/2025,2090,0,0,0,0,2040,0,0,0,2713,536,2090,5289,-3199
9/10/2025,2360,0,0,0,0,0,1396,0,0,0,0,2360,1396,964
9/11/2025,1757,0,0,0,0,0,0,0,0,2713,0,1757,2713,-956
9/12/2025,1883,0,0,0,0,0,1396,0,0,0,0,1883,1396,487
9/13/2025,1848,0,0,0,0,0,0,0,0,0,0,1848,0,1848
9/14/2025,2175,0,0,0,0,0,0,0,0,0,0,2175,0,2175
9/15/2025,2148,0,0,0,0,0,0,2758,0,0,0,2148,2758,-610
9/16/2025,1955,0,0,0,0,0,0,0,0,0,0,1955,0,1955
9/17/2025,1916,0,0,0,0,0,0,0,2860,0,0,1916,2860,-944
9/18/2025,2072,0,0,0,0,0,0,0,0,0,0,2072,0,2072
9/19/2025,1898,0,0,0,0,0,0,0,0,0,0,1898,0,1898
9/20/2025,2131,0,0,0,0,1020,0,0,0,0,0,2131,1020,1111
9/21/2025,1545,0,0,0,0,0,0,0,0,0,0,1545,0,1545
9/22/2025,1959,0,0,0,0,1020,0,2758,0,0,0,1959,3778,-1819
9/23/2025,2129,0,0,0,0,0,0,0,0,0,0,2129,0,2129
9/24/2025,2068,0,0,0,0,0,0,0,0,0,0,2068,0,2068
9/25/2025,2111,0,0,0,0,0,0,0,0,0,0,2111,0,2111
9/26/2025,2004,0,0,0,0,0,1396,0,0,0,0,2004,1396,608
9/27/2025,2364,0,0,0,0,0,0,0,0,0,0,2364,0,2364
9/28/2025,2055,0,0,34939,0,0,0,2758,0,0,0,2055,37697,-35642
9/29/2025,2272,4542,0,0,0,0,0,0,0,0,0,6814,0,6814
9/30/2025,2116,4542,0,0,0,0,0,0,0,0,0,6658,0,6658
10/1/2025,2303,0,0,0,8957,0,0,0,0,0,0,2303,8957,-6654
10/2/2025,2272,0,0,0,0,949,0,0,0,0,0,2272,949,1323
10/3/2025,2241,0,0,0,0,0,0,0,0,0,0,2241,0,2241
10/4/2025,1813,0,0,0,0,0,0,0,0,0,0,1813,0,1813
10/5/2025,1974,0,0,0,0,0,0,0,0,0,0,1974,0,1974
10/6/2025,1963,0,0,0,0,949,0,0,0,0,0,1963,949,1014
10/7/2025,2504,0,0,0,0,0,0,0,0,0,586,2504,586,1918
10/8/2025,2198,0,0,0,0,0,0,0,0,0,0,2198,0,2198
10/9/2025,2277,0,0,0,0,0,0,0,0,0,0,2277,0,2277
10/10/2025,2107,0,0,0,0,949,1681,0,0,0,0,2107,2630,-523
10/11/2025,1906,0,0,0,0,0,1681,0,0,0,586,1906,2267,-361
10/12/2025,2123,3395,0,0,0,0,0,0,0,0,0,5518,0,5518
10/13/2025,2012,0,0,0,0,0,0,0,4063,0,0,2012,4063,-2051
10/14/2025,2183,0,0,0,0,0,1681,0,0,0,0,2183,1681,502
10/15/2025,2088,0,0,0,0,0,0,0,0,0,0,2088,0,2088
10/16/2025,1968,0,0,0,0,0,0,0,0,0,0,1968,0,1968
10/17/2025,1930,0,0,0,0,0,0,0,0,0,0,1930,0,1930
10/18/2025,1884,0,0,0,0,0,0,0,0,0,586,1884,586,1298
10/19/2025,2195,0,0,0,0,949,0,0,0,0,0,2195,949,1246
10/20/2025,1906,0,0,0,0,0,0,0,0,0,586,1906,586,1320
10/21/2025,2086,0,0,0,0,0,0,5885,0,0,0,2086,5885,-3799
10/22/2025,2189,3395,0,0,0,0,0,0,0,0,0,5584,0,5584
10/23/2025,2046,0,0,0,0,0,0,0,0,0,0,2046,0,2046
10/24/2025,2453,0,0,0,0,0,0,0,0,0,0,2453,0,2453
10/25/2025,2117,0,0,0,0,0,1681,0,0,0,0,2117,1681,436
10/26/2025,2212,0,0,0,0,0,0,0,0,0,0,2212,0,2212
10/27/2025,2199,3395,0,0,0,0,0,0,0,0,0,5594,0,5594
10/28/2025,2217,0,0,35400,0,0,0,5885,0,0,0,2217,41285,-39068
10/29/2025,1784,0,0,0,0,0,0,0,0,0,0,1784,0,1784
10/30/2025,2070,0,0,0,0,0,0,5885,0,0,0,2070,5885,-3815
10/31/2025,2005,0,0,0,0,0,0,0,4063,0,0,2005,4063,-2058
11/1/2025,2569,0,0,0,10243,0,0,0,0,0,0,2569,10243,-7674
11/2/2025,2282,0,0,0,0,0,0,0,0,0,0,2282,0,2282
11/3/2025,2235,2640,0,0,0,799,1466,0,0,0,0,4875,2265,2610
11/4/2025,2581,0,0,0,0,0,0,3742,0,0,0,2581,3742,-1161
11/5/2025,2319,0,0,0,0,0,0,0,0,0,0,2319,0,2319
11/6/2025,2449,0,0,0,0,0,1466,0,0,0,0,2449,1466,983
11/7/2025,2422,0,0,0,0,0,0,0,1357,0,0,2422,1357,1065
11/8/2025,2283,0,0,0,0,0,0,0,0,0,0,2283,0,2283
11/9/2025,2608,0,0,0,0,0,0,0,0,0,0,2608,0,2608
11/10/2025,2775,0,0,0,0,0,0,0,0,0,0,2775,0,2775
11/11/2025,2315,0,0,0,0,0,0,0,0,0,530,2315,530,1785
11/12/2025,2309,0,0,0,0,0,0,0,0,0,530,2309,530,1779
11/13/2025,2347,2640,0,0,0,0,1466,0,1357,0,0,4987,2823,2164
11/14/2025,2392,0,0,0,0,0,0,0,0,0,0,2392,0,2392
11/15/2025,2473,0,0,0,0,0,1466,0,0,0,0,2473,1466,1007
11/16/2025,2251,0,0,0,0,0,0,0,0,0,0,2251,0,2251
11/17/2025,2474,0,0,0,0,0,0,0,0,0,0,2474,0,2474
11/18/2025,2407,0,0,0,0,0,0,0,0,0,0,2407,0,2407
11/19/2025,2530,0,0,0,0,0,0,0,0,0,0,2530,0,2530
11/20/2025,2043,0,0,0,0,0,0,0,0,0,530,2043,530,1513
11/21/2025,2097,0,0,0,0,0,0,0,0,0,0,2097,0,2097
11/22/2025,2442,0,0,0,0,0,0,0,0,0,530,2442,530,1912
11/23/2025,2287,0,0,0,0,0,0,0,0,0,0,2287,0,2287
11/24/2025,2258,0,0,0,0,0,0,0,0,0,0,2258,0,2258
11/25/2025,2130,0,0,0,0,0,0,0,0,0,0,2130,0,2130
11/26/2025,2218,0,0,0,0,0,0,0,0,0,0,2218,0,2218
11/27/2025,2560,2640,0,0,0,1598,0,1871,0,0,0,5200,3469,1731
11/28/2025,2174,0,0,35353,0,0,0,0,0,0,0,2174,35353,-33179
11/29/2025,2186,0,0,0,0,799,0,0,0,0,0,2186,799,1387
11/30/2025,2533,0,0,0,0,0,0,0,0,0,0,2533,0,2533
12/1/2025,2339,0,0,0,9563,918,0,0,0,0,843,2339,11324,-8985
12/2/2025,2284,0,0,0,0,0,0,0,0,0,0,2284,0,2284
12/3/2025,2349,0,0,0,0,0,0,0,0,0,0,2349,0,2349
12/4/2025,3102,0,0,0,0,0,0,0,0,0,0,3102,0,3102
12/5/2025,2762,0,0,0,0,0,0,0,0,0,0,2762,0,2762
12/6/2025,2402,0,0,0,0,0,0,0,0,0,0,2402,0,2402
12/7/2025,2430,0,0,0,0,0,0,0,0,0,0,2430,0,2430
12/8/2025,2731,0,0,0,0,0,0,0,0,3701,0,2731,3701,-970
12/9/2025,2664,0,0,0,0,0,0,0,0,0,0,2664,0,2664
12/10/2025,2546,0,0,0,0,918,0,0,0,0,0,2546,918,1628
12/11/2025,2734,0,0,0,0,0,0,6145,0,0,0,2734,6145,-3411
12/12/2025,2719,0,0,0,0,918,0,6145,0,0,843,2719,7906,-5187
12/13/2025,2934,6600,0,0,0,0,0,0,0,0,0,9534,0,9534
12/14/2025,2774,0,0,0,0,0,1685,0,0,0,0,2774,1685,1089
12/15/2025,2657,0,0,0,0,0,0,0,0,0,0,2657,0,2657
12/16/2025,2577,0,0,0,0,0,0,0,0,0,0,2577,0,2577
12/17/2025,2431,0,0,0,0,0,0,0,0,0,0,2431,0,2431
12/18/2025,2440,0,0,0,0,0,3370,0,0,3701,0,2440,7071,-4631
12/19/2025,2492,6600,0,0,0,0,0,0,0,0,0,9092,0,9092
12/20/2025,2529,6600,0,0,0,0,0,0,0,0,0,9129,0,9129
12/21/2025,2510,0,0,0,0,918,0,0,0,0,0,2510,918,1592
12/22/2025,3056,0,0,0,0,0,0,0,0,0,0,3056,0,3056
12/23/2025,2728,0,0,0,0,0,0,0,0,0,0,2728,0,2728
12/24/2025,2273,0,0,0,0,0,0,0,5265,0,0,2273,5265,-2992
12/25/2025,2685,0,43261,0,0,0,0,0,0,0,0,45946,0,45946
12/26/2025,2418,0,0,0,0,0,0,0,0,0,0,2418,0,2418
12/27/2025,2372,0,0,0,0,0,0,0,0,0,843,2372,843,1529
12/28/2025,2546,0,0,29674,0,0,0,0,0,0,0,2546,29674,-27128
12/29/2025,2701,0,0,0,0,0,0,0,5265,0,843,2701,6108,-3407
12/30/2025,2608,0,0,0,0,0,1685,0,0,0,0,2608,1685,923
12/31/2025,2247,0,0,0,0,0,0,6145,0,0,0,2247,6145,-3898
